% reference list for VOEvent 2.1
% ------------------------------


@article{bib01,
        doi = {10.1086/316184},
        url = {https://doi.org/10.1086%2F316184},
        year = 1998,
        month = {jun},
        publisher = {{IOP} Publishing},
        volume = {110},
        number = {748},
        pages = {754--756},
        author = {Rutledge, Robert E},
        title = {{The Astronomer's Telegram: A Web-based Short-Notice Publication System for the Professional Astronomical Community}},
        journal = {Publications of the Astronomical Society of the Pacific},
}

% \item\label{bib02} CBAT: Central Bureau for Astronomical Telegrams \\
% \url{http://cfa-www.harvard.edu/iau/cbat.html}, or\\ 
% \url{http://cfa-www.harvard.edu/iau/DiscoveryInfo.html} (discovery schema) 
% REFERENCE MISSING and LINK BROKEN ?
@ARTICLE{bib02,
       author = {{Green}, D.~W.~E.},
        title = "{Editorial Notice: Central Bureau Electronic Telegrams}",
      journal = {Central Bureau Electronic Telegrams},
         year = 2002,
        month = dec,
       volume = {1},
        pages = {1},
}

% \item\label{bib03} eSTAR: eScience Telescopes for Astronomical Research \url{http://www.estar.org.uk}
@INBOOK{bib03,
       author = {{Allan}, Alasdair and {Naylor}, Tim and {Steele}, Iain A. and
         {Jenness}, Tim and {Cavanagh}, Brad and {Economou}, Frossie and
         {Saunders}, Eric and {Adamson}, Andy and {Etherton}, Jason and
         {Mottram}, Chris},
        title = "{eSTAR: intelligent observing and rapid responses}",
    booktitle = {Proc. SPIE},
         year = 2004,
       editor = {{Lewis}, Hilton and {Raffi}, Gianni},
       volume = {5496},
       series = {Society of Photo-Optical Instrumentation Engineers (SPIE) Conference Series},
        pages = {313-322},
          doi = {10.1117/12.550433},
}


%\item\label{bib04} GCN: The Gamma-Ray Burst Coordinates Network \url{http://gcn.gsfc.nasa.gov}
@INPROCEEDINGS{bib04,
       author = {{Barthelmy}, S.~D.},
        title = "{GRB Coordinates Network (GCN): A Status Report}",
    booktitle = {American Astronomical Society Meeting Abstracts \#202},
         year = 2003,
       series = {American Astronomical Society Meeting Abstracts},
       volume = {202},
        month = may,
          eid = {45.07},
        pages = {45.07},
       adsurl = {https://ui.adsabs.harvard.edu/abs/2003AAS...202.4507B},
      adsnote = {Provided by the SAO/NASA Astrophysics Data System}
}


% \item\label{bib05} Skyalert: Event publisher and disseminator \url{http://skyalert.org/}
@INPROCEEDINGS{bib05,
       author = {{Williams}, Roy and {Drake}, A.~J. and {Djorgovski}, S.~G. and
         {Donalek}, C. and {Graham}, M.~J. and {Mahabal}, A.},
        title = "{Skyalert: a Platform for Event Understanding and Dissemination}",
    booktitle = {American Astronomical Society Meeting Abstracts \#215},
         year = 2010,
       series = {American Astronomical Society Meeting Abstracts},
       volume = {215},
        month = jan,
          eid = {477.01},
        pages = {477.01},
       adsurl = {https://ui.adsabs.harvard.edu/abs/2010AAS...21547701W},
      adsnote = {Provided by the SAO/NASA Astrophysics Data System}
}


% \item\label{bib06} LIGO: Laser Interferometer Gravitational Wave Observatory \url{http://www.ligo.caltech.edu} 
@ARTICLE{bib06,
       author = {{Abbott}, B.~P. and {Abbott}, R. and {Adhikari}, R. and {Ajith}, P. and
         {Allen}, B. and {Allen}, G. and {Amin}, R.~S. and {Anderson}, S.~B. and
         {Anderson}, W.~G. and {Arain}, M.~A. and {Araya}, M. and {Armand
        ula}, H. and {Armor}, P. and {Aso}, Y. and {Aston}, S. and
         {Aufmuth}, P. and {Aulbert}, C. and {Babak}, S. and {Baker}, P. and
         {Ballmer}, S. and {Barker}, C. and {Barker}, D. and {Barr}, B. and
         {Barriga}, P. and {Barsotti}, L. and {Barton}, M.~A. and {Bartos}, I. and
         {Bassiri}, R. and {Bastarrika}, M. and {Behnke}, B. and
         {Benacquista}, M. and {Betzwieser}, J. and {Beyersdorf}, P.~T. and
         {Bilenko}, I.~A. and {Billingsley}, G. and {Biswas}, R. and
         {Black}, E. and {Blackburn}, J.~K. and {Blackburn}, L. and {Blair}, D. and
         {Bland}, B. and {Bodiya}, T.~P. and {Bogue}, L. and {Bork}, R. and
         {Boschi}, V. and {Bose}, S. and {Brady}, P.~R. and {Braginsky}, V.~B. and
         {Brau}, J.~E. and {Bridges}, D.~O. and {Brinkmann}, M. and
         {Brooks}, A.~F. and {Brown}, D.~A. and {Brummit}, A. and {Brunet}, G. and
         {Bullington}, A. and {Buonanno}, A. and {Burmeister}, O. and
         {Byer}, R.~L. and {Cadonati}, L. and {Camp}, J.~B. and {Cannizzo}, J. and
         {Cannon}, K.~C. and {Cao}, J. and {Cardenas}, L. and {Caride}, S. and
         {Castaldi}, G. and {Caudill}, S. and {Cavagli{\`a}}, M. and
         {Cepeda}, C. and {Chalermsongsak}, T. and {Chalkley}, E. and
         {Charlton}, P. and {Chatterji}, S. and {Chelkowski}, S. and {Chen}, Y. and
         {Christensen}, N. and {Chung}, C.~T.~Y. and {Clark}, D. and
         {Clark}, J. and {Clayton}, J.~H. and {Cokelaer}, T. and
         {Colacino}, C.~N. and {Conte}, R. and {Cook}, D. and
         {Corbitt}, T.~R.~C. and {Cornish}, N. and {Coward}, D. and
         {Coyne}, D.~C. and {Creighton}, J.~D.~E. and {Creighton}, T.~D. and
         {Cruise}, A.~M. and {Culter}, R.~M. and {Cumming}, A. and
         {Cunningham}, L. and {Danilishin}, S.~L. and {Danzmann}, K. and
         {Daudert}, B. and {Davies}, G. and {Daw}, E.~J. and {DeBra}, D. and
         {Degallaix}, J. and {Dergachev}, V. and {Desai}, S. and {DeSalvo}, R. and
         {Dhurandhar}, S. and {D{\'\i}az}, M. and {Dietz}, A. and {Donovan}, F. and
         {Dooley}, K.~L. and {Doomes}, E.~E. and {Drever}, R.~W.~P. and
         {Dueck}, J. and {Duke}, I. and {Dumas}, J. -C. and {Dwyer}, J.~G. and
         {Echols}, C. and {Edgar}, M. and {Effler}, A. and {Ehrens}, P. and
         {Espinoza}, E. and {Etzel}, T. and {Evans}, M. and {Evans}, T. and
         {Fairhurst}, S. and {Faltas}, Y. and {Fan}, Y. and {Fazi}, D. and
         {Fehrmenn}, H. and {Finn}, L.~S. and {Flasch}, K. and {Foley}, S. and
         {Forrest}, C. and {Fotopoulos}, N. and {Franzen}, A. and {Frede}, M. and
         {Frei}, M. and {Frei}, Z. and {Freise}, A. and {Frey}, R. and
         {Fricke}, T. and {Fritschel}, P. and {Frolov}, V.~V. and {Fyffe}, M. and
         {Galdi}, V. and {Garofoli}, J.~A. and {Gholami}, I. and
         {Giaime}, J.~A. and {Giampanis}, S. and {Giardina}, K.~D. and
         {Goda}, K. and {Goetz}, E. and {Goggin}, L.~M. and {Gonz{\'a}lez}, G. and
         {Gorodetsky}, M.~L. and {Go{\ss}ler}, S. and {Gouaty}, R. and
         {Grant}, A. and {Gras}, S. and {Gray}, C. and {Gray}, M. and
         {Greenhalgh}, R.~J.~S. and {Gretarsson}, A.~M. and {Grimaldi}, F. and
         {Grosso}, R. and {Grote}, H. and {Grunewald}, S. and {Guenther}, M. and
         {Gustafson}, E.~K. and {Gustafson}, R. and {Hage}, B. and
         {Hallam}, J.~M. and {Hammer}, D. and {Hammond}, G.~D. and {Hanna}, C. and
         {Hanson}, J. and {Harms}, J. and {Harry}, G.~M. and {Harry}, I.~W. and
         {Harstad}, E.~D. and {Haughian}, K. and {Hayama}, K. and {Heefner}, J. and
         {Heng}, I.~S. and {Heptonstall}, A. and {Hewitson}, M. and {Hild}, S. and
         {Hirose}, E. and {Hoak}, D. and {Hodge}, K.~A. and {Holt}, K. and
         {Hosken}, D.~J. and {Hough}, J. and {Hoyland}, D. and {Hughey}, B. and
         {Huttner}, S.~H. and {Ingram}, D.~R. and {Isogai}, T. and {Ito}, M. and
         {Ivanov}, A. and {Johnson}, B. and {Johnson}, W.~W. and {Jones}, D.~I. and
         {Jones}, G. and {Jones}, R. and {Ju}, L. and {Kalmus}, P. and
         {Kalogera}, V. and {Kandhasamy}, S. and {Kanner}, J. and
         {Kasprzyk}, D. and {Katsavounidis}, E. and {Kawabe}, K. and
         {Kawamura}, S. and {Kawazoe}, F. and {Kells}, W. and {Keppel}, D.~G. and
         {Khalaidovski}, A. and {Khalili}, F.~Y. and {Khan}, R. and
         {Khazanov}, E. and {King}, P. and {Kissel}, J.~S. and {Klimenko}, S. and
         {Kokeyama}, K. and {Kondrashov}, V. and {Kopparapu}, R. and {Korand
        a}, S. and {Kozak}, D. and {Krishnan}, B. and {Kumar}, R. and
         {Kwee}, P. and {Lam}, P.~K. and {Landry}, M. and {Lantz}, B. and
         {Lazzarini}, A. and {Lei}, H. and {Lei}, M. and {Leindecker}, N. and
         {Leonor}, I. and {Li}, C. and {Lin}, H. and {Lindquist}, P.~E. and
         {Littenberg}, T.~B. and {Lockerbie}, N.~A. and {Lodhia}, D. and
         {Longo}, M. and {Lormand}, M. and {Lu}, P. and {Lubi{\'n}ski}, M. and
         {Lucianetti}, A. and {L{\"u}ck}, H. and {Machenschalk}, B. and
         {MacInnis}, M. and {Mageswaran}, M. and {Mailand}, K. and {Mandel}, I. and
         {Mandic}, V. and {M{\'a}rka}, S. and {M{\'a}rka}, Z. and
         {Markosyan}, A. and {Markowitz}, J. and {Maros}, E. and
         {Martin}, I.~W. and {Martin}, R.~M. and {Marx}, J.~N. and {Mason}, K. and
         {Matichard}, F. and {Matone}, L. and {Matzner}, R.~A. and
         {Mavalvala}, N. and {McCarthy}, R. and {McClelland}, D.~E. and
         {McGuire}, S.~C. and {McHugh}, M. and {McIntyre}, G. and
         {McKechan}, D.~J.~A. and {McKenzie}, K. and {Mehmet}, M. and
         {Melatos}, A. and {Melissinos}, A.~C. and {Men{\'e}ndez}, D.~F. and
         {Mendell}, G. and {Mercer}, R.~A. and {Meshkov}, S. and
         {Messenger}, C. and {Meyer}, M.~S. and {Miller}, J. and {Minelli}, J. and
         {Mino}, Y. and {Mitrofanov}, V.~P. and {Mitselmakher}, G. and
         {Mittleman}, R. and {Miyakawa}, O. and {Moe}, B. and {Mohanty}, S.~D. and
         {Mohapatra}, S.~R.~P. and {Moreno}, G. and {Morioka}, T. and
         {Mors}, K. and {Mossavi}, K. and {Mow Lowry}, C. and {Mueller}, G. and
         {M{\"u}ller-Ebhardt}, H. and {Muhammad}, D. and {Mukherjee}, S. and
         {Mukhopadhyay}, H. and {Mullavey}, A. and {Munch}, J. and
         {Murray}, P.~G. and {Myers}, E. and {Myers}, J. and {Nash}, T. and
         {Nelson}, J. and {Newton}, G. and {Nishizawa}, A. and {Numata}, K. and
         {O'Dell}, J. and {O'Reilly}, B. and {O'Shaughnessy}, R. and
         {Ochsner}, E. and {Ogin}, G.~H. and {Ottaway}, D.~J. and
         {Ottens}, R.~S. and {Overmier}, H. and {Owen}, B.~J. and {Pan}, Y. and
         {Pankow}, C. and {Papa}, M.~A. and {Parameshwaraiah}, V. and
         {Patel}, P. and {Pedraza}, M. and {Penn}, S. and {Perraca}, A. and
         {Pierro}, V. and {Pinto}, I.~M. and {Pitkin}, M. and {Pletsch}, H.~J. and
         {Plissi}, M.~V. and {Postiglione}, F. and {Principe}, M. and
         {Prix}, R. and {Prokhorov}, L. and {Punken}, O. and {Quetschke}, V. and
         {Raab}, F.~J. and {Rabeling}, D.~S. and {Radkins}, H. and {Raffai}, P. and
         {Raics}, Z. and {Rainer}, N. and {Rakhmanov}, M. and {Raymond}, V. and
         {Reed}, C.~M. and {Reed}, T. and {Rehbein}, H. and {Reid}, S. and
         {Reitze}, D.~H. and {Riesen}, R. and {Riles}, K. and {Rivera}, B. and
         {Roberts}, P. and {Robertson}, N.~A. and {Robinson}, C. and
         {Robinson}, E.~L. and {Roddy}, S. and {R{\"o}ver}, C. and
         {Rollins}, J. and {Romano}, J.~D. and {Romie}, J.~H. and {Rowan}, S. and
         {R{\"u}diger}, A. and {Russell}, P. and {Ryan}, K. and {Sakata}, S. and
         {de la Jordana}, L. Sancho and {Sandberg}, V. and {Sannibale}, V. and
         {Santamar{\'\i}a}, L. and {Saraf}, S. and {Sarin}, P. and
         {Sathyaprakash}, B.~S. and {Sato}, S. and {Satterthwaite}, M. and
         {Saulson}, P.~R. and {Savage}, R. and {Savov}, P. and {Scanlan}, M. and
         {Schilling}, R. and {Schnabel}, R. and {Schofield}, R. and
         {Schulz}, B. and {Schutz}, B.~F. and {Schwinberg}, P. and {Scott}, J. and
         {Scott}, S.~M. and {Searle}, A.~C. and {Sears}, B. and {Seifert}, F. and
         {Sellers}, D. and {Sengupta}, A.~S. and {Sergeev}, A. and
         {Shapiro}, B. and {Shawhan}, P. and {Shoemaker}, D.~H. and
         {Sibley}, A. and {Siemens}, X. and {Sigg}, D. and {Sinha}, S. and
         {Sintes}, A.~M. and {Slagmolen}, B.~J.~J. and {Slutsky}, J. and
         {Smith}, J.~R. and {Smith}, M.~R. and {Smith}, N.~D. and {Somiya}, K. and
         {Sorazu}, B. and {Stein}, A. and {Stein}, L.~C. and {Steplewski}, S. and
         {Stochino}, A. and {Stone}, R. and {Strain}, K.~A. and {Strigin}, S. and
         {Stroeer}, A. and {Stuver}, A.~L. and {Summerscales}, T.~Z. and
         {Sun}, K. -X. and {Sung}, M. and {Sutton}, P.~J. and {Szokoly}, G.~P. and
         {Talukder}, D. and {Tang}, L. and {Tanner}, D.~B. and
         {Tarabrin}, S.~P. and {Taylor}, J.~R. and {Taylor}, R. and
         {Thacker}, J. and {Thorne}, K.~A. and {Th{\"u}ring}, A. and
         {Tokmakov}, K.~V. and {Torres}, C. and {Torrie}, C. and {Traylor}, G. and
         {Trias}, M. and {Ugolini}, D. and {Ulmen}, J. and {Urbanek}, K. and
         {Vahlbruch}, H. and {Vallisneri}, M. and {van den Broeck}, C. and
         {van der Sluys}, M.~V. and {van Veggel}, A.~A. and {Vass}, S. and
         {Vaulin}, R. and {Vecchio}, A. and {Veitch}, J. and {Veitch}, P. and
         {Veltkamp}, C. and {Villar}, A. and {Vorvick}, C. and
         {Vyachanin}, S.~P. and {Waldman}, S.~J. and {Wallace}, L. and
         {Ward}, R.~L. and {Weidner}, A. and {Weinert}, M. and
         {Weinstein}, A.~J. and {Weiss}, R. and {Wen}, L. and {Wen}, S. and
         {Wette}, K. and {Whelan}, J.~T. and {Whitcomb}, S.~E. and
         {Whiting}, B.~F. and {Wilkinson}, C. and {Willems}, P.~A. and
         {Williams}, H.~R. and {Williams}, L. and {Willke}, B. and {Wilmut}, I. and
         {Winkelmann}, L. and {Winkler}, W. and {Wipf}, C.~C. and
         {Wiseman}, A.~G. and {Woan}, G. and {Wooley}, R. and {Worden}, J. and
         {Wu}, W. and {Yakushin}, I. and {Yamamoto}, H. and {Yan}, Z. and
         {Yoshida}, S. and {Zanolin}, M. and {Zhang}, J. and {Zhang}, L. and
         {Zhao}, C. and {Zotov}, N. and {Zucker}, M.~E. and
         {M{\"u}hlen}, H. zur and {Zweizig}, J.},
        title = "{LIGO: the Laser Interferometer Gravitational-Wave Observatory}",
      journal = {Reports on Progress in Physics},
     keywords = {General Relativity and Quantum Cosmology},
         year = 2009,
        month = jul,
       volume = {72},
       number = {7},
          eid = {076901},
        pages = {076901},
          doi = {10.1088/0034-4885/72/7/076901},
archivePrefix = {arXiv},
       eprint = {0711.3041},
 primaryClass = {gr-qc},
       adsurl = {https://ui.adsabs.harvard.edu/abs/2009RPPh...72g6901A},
      adsnote = {Provided by the SAO/NASA Astrophysics Data System}
}


% \item\label{bib07} LSST: Large Synoptic Survey Telescope \url{http://www.lsst.org} 
@ARTICLE{bib07, 
    author = {{Ivezi{\'c}}, {\v Z}. and {Kahn}, S.~M. and {Tyson}, J.~A. and {Abel}, B. and {Acosta}, E. and {Allsman}, R. and {Alonso}, D. and {AlSayyad}, Y. and {Anderson}, S.~F. and {Andrew}, J. and et al.}, title = "{LSST: From Science Drivers to Reference Design and Anticipated Data Products}", 
    journal = {Astrophysical J.}, 
    archivePrefix = "arXiv", 
    eprint = {0805.2366}, 
    keywords = {astrometry, cosmology: observations, Galaxy: general, methods: observational, stars: general, surveys}, 
    year = 2019, 
    month = mar, 
    volume = 873, 
    eid = {111}, 
    pages = {111}, 
    doi = {10.3847/1538-4357/ab042c}, 
}

% \item\label{bib08} CRTS: Catalina Realtime Transient Survey \url{http://crts.caltech.edu/} 
@ARTICLE{bib08,
       author = {{Drake}, A.~J. and {Djorgovski}, S.~G. and {Mahabal}, A. and
         {Beshore}, E. and {Larson}, S. and {Graham}, M.~J. and {Williams}, R. and
         {Christensen}, E. and {Catelan}, M. and {Boattini}, A. and {Gibbs}, A. and
         {Hill}, R. and {Kowalski}, R.},
        title = "{First Results from the Catalina Real-Time Transient Survey}",
      journal = {Astrophysical J.},
     keywords = {BL Lacertae objects: general, galaxies: general, novae, cataclysmic variables, stars: flare, supernovae: general, Astrophysics},
         year = 2009,
        month = may,
       volume = {696},
       number = {1},
        pages = {870-884},
          doi = {10.1088/0004-637X/696/1/870},
archivePrefix = {arXiv},
       eprint = {0809.1394},
 primaryClass = {astro-ph},
}

% \item\label{bib09} Pan-STARRS: the Panoramic Survey Telescope \& Rapid Response System\\
% \url{http://pan-starrs.ifa.hawaii.edu/public/index.html}
@ARTICLE{bib09,
       author = {{Chambers}, K.~C. and {Magnier}, E.~A. and {Metcalfe}, N. and
         {Flewelling}, H.~A. and {Huber}, M.~E. and {Waters}, C.~Z. and
         {Denneau}, L. and {Draper}, P.~W. and {Farrow}, D. and
         {Finkbeiner}, D.~P. and {Holmberg}, C. and {Koppenhoefer}, J. and
         {Price}, P.~A. and {Rest}, A. and {Saglia}, R.~P. and
         {Schlafly}, E.~F. and {Smartt}, S.~J. and {Sweeney}, W. and
         {Wainscoat}, R.~J. and {Burgett}, W.~S. and {Chastel}, S. and
         {Grav}, T. and {Heasley}, J.~N. and {Hodapp}, K.~W. and {Jedicke}, R. and
         {Kaiser}, N. and {Kudritzki}, R. -P. and {Luppino}, G.~A. and
         {Lupton}, R.~H. and {Monet}, D.~G. and {Morgan}, J.~S. and
         {Onaka}, P.~M. and {Shiao}, B. and {Stubbs}, C.~W. and {Tonry}, J.~L. and
         {White}, R. and {Ba{\~n}ados}, E. and {Bell}, E.~F. and {Bender}, R. and
         {Bernard}, E.~J. and {Boegner}, M. and {Boffi}, F. and
         {Botticella}, M.~T. and {Calamida}, A. and {Casertano}, S. and
         {Chen}, W. -P. and {Chen}, X. and {Cole}, S. and {Deacon}, N. and
         {Frenk}, C. and {Fitzsimmons}, A. and {Gezari}, S. and {Gibbs}, V. and
         {Goessl}, C. and {Goggia}, T. and {Gourgue}, R. and {Goldman}, B. and
         {Grant}, P. and {Grebel}, E.~K. and {Hambly}, N.~C. and {Hasinger}, G. and
         {Heavens}, A.~F. and {Heckman}, T.~M. and {Henderson}, R. and
         {Henning}, T. and {Holman}, M. and {Hopp}, U. and {Ip}, W. -H. and
         {Isani}, S. and {Jackson}, M. and {Keyes}, C.~D. and
         {Koekemoer}, A.~M. and {Kotak}, R. and {Le}, D. and {Liska}, D. and
         {Long}, K.~S. and {Lucey}, J.~R. and {Liu}, M. and {Martin}, N.~F. and
         {Masci}, G. and {McLean}, B. and {Mindel}, E. and {Misra}, P. and
         {Morganson}, E. and {Murphy}, D.~N.~A. and {Obaika}, A. and
         {Narayan}, G. and {Nieto-Santisteban}, M.~A. and {Norberg}, P. and
         {Peacock}, J.~A. and {Pier}, E.~A. and {Postman}, M. and {Primak}, N. and
         {Rae}, C. and {Rai}, A. and {Riess}, A. and {Riffeser}, A. and
         {Rix}, H.~W. and {R{\"o}ser}, S. and {Russel}, R. and {Rutz}, L. and
         {Schilbach}, E. and {Schultz}, A.~S.~B. and {Scolnic}, D. and
         {Strolger}, L. and {Szalay}, A. and {Seitz}, S. and {Small}, E. and
         {Smith}, K.~W. and {Soderblom}, D.~R. and {Taylor}, P. and
         {Thomson}, R. and {Taylor}, A.~N. and {Thakar}, A.~R. and {Thiel}, J. and
         {Thilker}, D. and {Unger}, D. and {Urata}, Y. and {Valenti}, J. and
         {Wagner}, J. and {Walder}, T. and {Walter}, F. and {Watters}, S.~P. and
         {Werner}, S. and {Wood-Vasey}, W.~M. and {Wyse}, R.},
        title = "{The Pan-STARRS1 Surveys}",
      journal = {arXiv e-prints},
     keywords = {Astrophysics - Instrumentation and Methods for Astrophysics, Astrophysics - Earth and Planetary Astrophysics, Astrophysics - Astrophysics of Galaxies, Astrophysics - Solar and Stellar Astrophysics},
         year = 2016,
        month = dec,
          eid = {arXiv:1612.05560},
        pages = {arXiv:1612.05560},
archivePrefix = {arXiv},
       eprint = {1612.05560},
 primaryClass = {astro-ph.IM},
       adsurl = {https://ui.adsabs.harvard.edu/abs/2016arXiv161205560C},
      adsnote = {Provided by the SAO/NASA Astrophysics Data System}
}


% \item\label{bib10} RAPTOR: RAPid Telescopes for Optical Response \\
% \url{http://www.raptor.lanl.gov}, and \url{http://www.thinkingtelescopes.lanl.gov} (Thinking Telescopes Project) 
@INBOOK{bib10,
       author = {{Vestrand}, W.~T. and {Borozdin}, Konstantin N. and {Brumby}, Steven P. and
         {Casperson}, Donald E. and {Fenimore}, Edward E. and
         {Galassi}, Mark C. and {McGowan}, Katherine and {Perkins}, Simon J. and
         {Priedhorsky}, William C. and {Starr}, Daniel and {White}, Robert and
         {Wozniak}, Przemek and {Wren}, James A.},
        title = "{The RAPTOR experiment: a system for monitoring the optical sky in real time}",
     keywords = {Astrophysics},
    booktitle = {\procspie},
         year = 2002,
       editor = {{Kibrick}, Robert I.},
       volume = {4845},
       series = {Society of Photo-Optical Instrumentation Engineers (SPIE) Conference Series},
        pages = {126-136},
          doi = {10.1117/12.459515},
       adsurl = {https://ui.adsabs.harvard.edu/abs/2002SPIE.4845..126V},
      adsnote = {Provided by the SAO/NASA Astrophysics Data System}
}

% \item\label{bib11} Swift and Fermi: NASA Gamma-Ray observatories\\
% \url{http://swift.gsfc.nasa.gov/docs/swift/swiftsc.html} and \url{http://fermi.gsfc.nasa.gov/} 
@ARTICLE{bib11a,
       author = {{Gehrels}, N. and {Chincarini}, G. and {Giommi}, P. and {Mason}, K.~O. and
         {Nousek}, J.~A. and {Wells}, A.~A. and {White}, N.~E. and
         {Barthelmy}, S.~D. and {Burrows}, D.~N. and {Cominsky}, L.~R. and
         {Hurley}, K.~C. and {Marshall}, F.~E. and {M{\'e}sz{\'a}ros}, P. and
         {Roming}, P.~W.~A. and {Angelini}, L. and {Barbier}, L.~M. and
         {Belloni}, T. and {Campana}, S. and {Caraveo}, P.~A. and
         {Chester}, M.~M. and {Citterio}, O. and {Cline}, T.~L. and
         {Cropper}, M.~S. and {Cummings}, J.~R. and {Dean}, A.~J. and
         {Feigelson}, E.~D. and {Fenimore}, E.~E. and {Frail}, D.~A. and
         {Fruchter}, A.~S. and {Garmire}, G.~P. and {Gendreau}, K. and
         {Ghisellini}, G. and {Greiner}, J. and {Hill}, J.~E. and
         {Hunsberger}, S.~D. and {Krimm}, H.~A. and {Kulkarni}, S.~R. and
         {Kumar}, P. and {Lebrun}, F. and {Lloyd-Ronning}, N.~M. and
         {Markwardt}, C.~B. and {Mattson}, B.~J. and {Mushotzky}, R.~F. and
         {Norris}, J.~P. and {Osborne}, J. and {Paczynski}, B. and
         {Palmer}, D.~M. and {Park}, H. -S. and {Parsons}, A.~M. and {Paul}, J. and
         {Rees}, M.~J. and {Reynolds}, C.~S. and {Rhoads}, J.~E. and
         {Sasseen}, T.~P. and {Schaefer}, B.~E. and {Short}, A.~T. and
         {Smale}, A.~P. and {Smith}, I.~A. and {Stella}, L. and
         {Tagliaferri}, G. and {Takahashi}, T. and {Tashiro}, M. and
         {Townsley}, L.~K. and {Tueller}, J. and {Turner}, M.~J.~L. and
         {Vietri}, M. and {Voges}, W. and {Ward}, M.~J. and {Willingale}, R. and
         {Zerbi}, F.~M. and {Zhang}, W.~W.},
        title = "{The Swift Gamma-Ray Burst Mission}",
      journal = {Astrophysical J.},
     keywords = {Gamma Rays: Bursts, Space Vehicles: Instruments, Telescopes, Astrophysics},
         year = 2004,
        month = aug,
       volume = {611},
       number = {2},
        pages = {1005-1020},
          doi = {10.1086/422091},
archivePrefix = {arXiv},
       eprint = {astro-ph/0405233},
 primaryClass = {astro-ph},
}

@ARTICLE{bib11b,
       author = {{Michelson}, P.~F. and {Atwood}, W.~B. and {Ritz}, S.},
        title = "{Fermi Gamma-ray Space Telescope: high-energy results from the first year}",
      journal = {Reports on Progress in Physics},
     keywords = {Astrophysics - High Energy Astrophysical Phenomena, High Energy Physics - Experiment},
         year = 2010,
        month = jul,
       volume = {73},
       number = {7},
          eid = {074901},
        pages = {074901},
          doi = {10.1088/0034-4885/73/7/074901},
archivePrefix = {arXiv},
       eprint = {1011.0213},
 primaryClass = {astro-ph.HE},
       adsurl = {https://ui.adsabs.harvard.edu/abs/2010RPPh...73g4901M},
      adsnote = {Provided by the SAO/NASA Astrophysics Data System}
}


% \item\label{bib12} RoboNet: RoboNet-1.0 \url{http://www.astro.livjm.ac.uk/RoboNet}
@ARTICLE{bib12,
       author = {{Tsapras}, Y. and {Street}, R. and {Horne}, K. and {Snodgrass}, C. and
         {Dominik}, M. and {Allan}, A. and {Steele}, I. and {Bramich}, D.~M. and
         {Saunders}, E.~S. and {Rattenbury}, N. and {Mottram}, C. and
         {Fraser}, S. and {Clay}, N. and {Burgdorf}, M. and {Bode}, M. and
         {Lister}, T.~A. and {Hawkins}, E. and {Beaulieu}, J.~P. and
         {Fouqu{\'e}}, P. and {Albrow}, M. and {Menzies}, J. and {Cassan}, A. and
         {Dominis-Prester}, D.},
        title = "{RoboNet-II: Follow-up observations of microlensing events with a robotic network of telescopes}",
      journal = {Astronomische Nachrichten},
     keywords = {planetary systems, techniques: photometric, telescopes, Astrophysics},
         year = 2009,
        month = jan,
       volume = {330},
       number = {1},
        pages = {4},
          doi = {10.1002/asna.200811130},
archivePrefix = {arXiv},
       eprint = {0808.0813},
 primaryClass = {astro-ph},
       adsurl = {https://ui.adsabs.harvard.edu/abs/2009AN....330....4T},
      adsnote = {Provided by the SAO/NASA Astrophysics Data System}
}


% \item\label{bib13} ROBOT: A list of robotic telescope projects \\
% \url{http://www.astro.physik.uni-goettingen.de/~hessman/MONET/links.html}

% \item\label{bib14} RTML: Remote Telescope Markup Language\\
% \url{http://www.uni-sw.gwdg.de/~hessman/RTML}, or \url{http://monet.uni-goettingen.de/twiki/bin/view/RTML}
@ARTICLE{bib14,
       author = {{Hessman}, F.~V.},
        title = "{Remote Telescope Markup Language (RTML)}",
      journal = {Astronomische Nachrichten},
     keywords = {methods: observational, telescopes, sociology of astronomy, standards},
         year = 2006,
        month = sep,
       volume = {327},
       number = {8},
        pages = {751},
          doi = {10.1002/asna.200610626},
       adsurl = {https://ui.adsabs.harvard.edu/abs/2006AN....327..751H},
      adsnote = {Provided by the SAO/NASA Astrophysics Data System}
}


% \item\label{bib15} ID: IVOA Identifiers \url{http://www.ivoa.net/Documents/latest/IDs.html}
% \item\label{bib16} RM: Resource Metadata for the Virtual Observatory \url{http://www.ivoa.net/Documents/latest/RM.html}
% \item\label{bib17} STC: Space-Time Coordinates Metadata for the Virtual Observatory \url{http://www.ivoa.net/Documents/latest/STC.html} 
% \item\label{bib18} UCD: Unified Content Descriptor \\
% \url{http://www.ivoa.net/Documents/latest/UCD.html}, or \url{http://cdsweb.u-strasbg.fr/UCD}

% \item\label{bib19} VOConcepts: a proposed UCD for Astronomical Objects, Events, and Processes \\
% \url{http://monet.uni-sw.gwdg.de/twiki/bin/view/VOEvent/UnifiedContentDescriptors} 
% URL NOT AVAILABLE

% \item\label{bib20} VOEvent: Sky Event Reporting Metadata\\
% \url{http://www.ivoa.net/Documents/latest/VOEvent.html}\\
% \url{http://www.ivoa.net/xml/VOEvent/VOEvent-v2.0.xsd} (schema)\\
% \url{http://www.ivoa.net/Documents/Notes/VOEventTransport} (transport)\\
% \url{http://www.ivoa.net/twiki/bin/view/IVOA/IvoaVOEvent} (working group)
% \item\label{bib21} VOTable: Format Definition\\
% \url{http://www.ivoa.net/Documents/latest/VOT.html} 


% \item\label{bib22} NED: NASA/IPAC Extragalactic Database \url{http://nedwww.ipac.caltech.edu/}
@INBOOK{bib22,
       author = {{Helou}, G. and {Madore}, B.~F. and {Schmitz}, M. and {Wu}, X. and
         {Corwin}, H.~G., Jr. and {Lague}, C. and {Bennett}, J. and {Sun}, H.},
        title = "{The NASA/IPAC Extragalactic Database}",
     keywords = {Data Bases: Extragalactic Objects},
    booktitle = {Information \&amp; On-Line Data in Astronomy},
         year = 1995,
       editor = {{Egret}, D. and {Albrecht}, M.~A.},
       volume = {203},
        pages = {95},
          doi = {10.1007/978-94-011-0397-8_10},
}


% \item\label{bib23} SIMBAD: Set of Identifications, Measurements and Bibliography for Astronomical Data\\
% \url{http://simbad.u-strasbg.fr/Simbad}

@ARTICLE{bib23,
       author = {{Wenger}, M. and {Ochsenbein}, F. and {Egret}, D. and {Dubois}, P. and
         {Bonnarel}, F. and {Borde}, S. and {Genova}, F. and {Jasniewicz}, G. and
         {Lalo{\"e}}, S. and {Lesteven}, S. and {Monier}, R.},
        title = "{The SIMBAD astronomical database. The CDS reference database for astronomical objects}",
      journal = {Astronomy and Astrophysics, Supplement},
     keywords = {ASTRONOMICAL DATA BASES: MISCELLANEOUS, CATALOGS, Astrophysics},
         year = 2000,
        month = apr,
       volume = {143},
        pages = {9-22},
          doi = {10.1051/aas:2000332},
archivePrefix = {arXiv},
       eprint = {astro-ph/0002110},
 primaryClass = {astro-ph},
}

% \item\label{bib24} TYCHO: De Stella Nova \url{http://www.texts.dnlb.dk/DeNovaStella/Index.html} (in Danish) 
% NOT AVAILABLE 

% \item\label{bib25} UNITS: Standards for Astronomical Catalogues: Units \url{http://vizier.u-strasbg.fr/doc/catstd-3.2.htx}
% REPLACED WITH VOUnits

% \item\label{bib26} UTC: the future of Coordinated Universal Time \url{http://www.ucolick.org/~sla/leapsecs}
@ARTICLE{bib26,
       author = {{Finkleman}, David and {Allen}, Steve and {Seago}, John and
         {Seaman}, Rob and {Seidelmann}, P. Kenneth},
        title = "{The Future of Time: UTC and the Leap Second}",
      journal = {arXiv e-prints},
     keywords = {Astrophysics - Instrumentation and Methods for Astrophysics, Physics - History and Philosophy of Physics, Physics - Popular Physics},
         year = 2011,
        month = jun,
          eid = {arXiv:1106.3141},
        pages = {arXiv:1106.3141},
archivePrefix = {arXiv},
       eprint = {1106.3141},
 primaryClass = {astro-ph.IM},
}

% \item\label{bib27} Checksum: FITS Checksum Proposal \url{http://fits.gsfc.nasa.gov/registry/checksum.html}
% UNUSED

% \item\label{bib28} ISO 8601: standard representation of dates and times \\
% \url{http://www.w3.org/TR/NOTE-datetime.html} or \url{http://www.cl.cam.ac.uk/~mgk25/iso-time.html}
% ADDED FOOTNOTE

% \item\label{bib29} XML: Extensible Markup Language\\
% \url{http://xml.coverpages.org/xml.html}, and  \url{http://xml.coverpages.org/schemas.html}, or \url{http://www.ucc.ie/xml} (FAQ) or \url{http://www.w3.org/TR/xmlschema-2} (Datatypes) 
% \item\label{bib30} Attribute-Value Normalization\\
% \url{http://www.w3.org/TR/REC-xml/#AVNormalize} 
% ADDED FOOTNOTE

% \item\label{bib31} PTF: Palomar Transient Factory \url{http://www.astro.caltech.edu/ptf/}
@ARTICLE{bib31,
       author = {{Law}, Nicholas M. and {Kulkarni}, Shrinivas R. and
         {Dekany}, Richard G. and {Ofek}, Eran O. and {Quimby}, Robert M. and
         {Nugent}, Peter E. and {Surace}, Jason and {Grillmair}, Carl C. and
         {Bloom}, Joshua S. and {Kasliwal}, Mansi M. and {Bildsten}, Lars and
         {Brown}, Tim and {Cenko}, S. Bradley and {Ciardi}, David and
         {Croner}, Ernest and {Djorgovski}, S. George and {van Eyken}, Julian and
         {Filippenko}, Alexei V. and {Fox}, Derek B. and {Gal-Yam}, Avishay and
         {Hale}, David and {Hamam}, Nouhad and {Helou}, George and
         {Henning}, John and {Howell}, D. Andrew and {Jacobsen}, Janet and
         {Laher}, Russ and {Mattingly}, Sean and {McKenna}, Dan and
         {Pickles}, Andrew and {Poznanski}, Dovi and {Rahmer}, Gustavo and
         {Rau}, Arne and {Rosing}, Wayne and {Shara}, Michael and
         {Smith}, Roger and {Starr}, Dan and {Sullivan}, Mark and
         {Velur}, Viswa and {Walters}, Richard and {Zolkower}, Jeff},
        title = "{The Palomar Transient Factory: System Overview, Performance, and First Results}",
      journal = {{Publications of the ASP}},
     keywords = {Astrophysics - Instrumentation and Methods for Astrophysics, Astrophysics - Cosmology and Nongalactic Astrophysics},
         year = 2009,
        month = dec,
       volume = {121},
       number = {886},
        pages = {1395},
          doi = {10.1086/648598},
archivePrefix = {arXiv},
       eprint = {0906.5350},
 primaryClass = {astro-ph.IM},
       adsurl = {https://ui.adsabs.harvard.edu/abs/2009PASP..121.1395L},
      adsnote = {Provided by the SAO/NASA Astrophysics Data System}
}



@INPROCEEDINGS{2014htu..conf...27B,
       author = {{Bellm}, E.},
        title = "{The Zwicky Transient Facility}",
     keywords = {Astrophysics - Instrumentation and Methods for Astrophysics},
    booktitle = {The Third Hot-wiring the Transient Universe Workshop},
         year = 2014,
       editor = {{Wozniak}, P.~R. and {Graham}, M.~J. and {Mahabal}, A.~A. and
         {Seaman}, R.},
        month = jan,
        pages = {27-33},
archivePrefix = {arXiv},
       eprint = {1410.8185},
 primaryClass = {astro-ph.IM},
       adsurl = {https://ui.adsabs.harvard.edu/abs/2014htu..conf...27B},
      adsnote = {Provided by the SAO/NASA Astrophysics Data System}
}


% \item\label{bib32} Utypes definition and syntax \url{http://www.ivoa.net/cgi-bin/twiki/bin/view/IVOA/Utypes}
% USING URL

% \item\label{bib33} Transport: VOEvent is transport neutral \\
% \url{http://www.ivoa.net/Documents/Notes/VOEventTransport} and \\
% \url{http://www.ivoa.net/Documents/Notes/DakotaBroker} 

@ARTICLE{bib33,
       author = {{Allan}, Alasdair and {Denny}, Robert B. and {Swinbank}, John D.},
        title = "{IVOA Recommendation: VOEvent Transport Protocol Version 2.0}",
      journal = {arXiv e-prints},
     keywords = {Astrophysics - Instrumentation and Methods for Astrophysics},
         year = 2017,
        month = sep,
          eid = {arXiv:1709.01264},
        pages = {arXiv:1709.01264},
archivePrefix = {arXiv},
       eprint = {1709.01264},
 primaryClass = {astro-ph.IM},
       adsurl = {https://ui.adsabs.harvard.edu/abs/2017arXiv170901264A},
      adsnote = {Provided by the SAO/NASA Astrophysics Data System}
}



% \item\label{bib34} Authentication: VOEvent relies on external authentication \\
% \url{http://www.ivoa.net/Documents/latest/VOEventDigiSig.html}  and \url{http://www.w3.org/TR/xmldsig-core}
@MISC{bib34,
    author = {Denny, Robert B},
    title = {{A Proposal for Digital Signatures in VOEvent Messages, Version 1.10}},
    year = 2008,
    month = may,
    howpublished = {IVOA Note 14 May 2008},
    url = {http://www.ivoa.net/documents/latest/VOEventDigiSig.html}
}

% \item\label{bib35} MIME type: \url{http://en.wikipedia.org/wiki/Internet_media_type}
% ADDED URL

% \item\label{bib36} Based on Python, floating point literals:\\
% \url{http://docs.python.org/reference/lexical_analysis.html#floating-point-literals}
% \end{enumerate}

@ARTICLE{2018arXiv181112680C,
       author = {{Cecconi}, Baptiste and {Le Sidaner}, Pierre and {Tomasik}, Lukasz and
         {Marmo}, Chiara and {Garnung}, Mathieu B. and
         {Vaubaillon}, J{\'e}r{\'e}mie and {Andr{\'e}}, Nicolas and
         {Gangloff}, Michel},
        title = "{VOEvent for Solar and Planetary Sciences}",
      journal = {arXiv e-prints},
     keywords = {Astrophysics - Earth and Planetary Astrophysics, Astrophysics - Instrumentation and Methods for Astrophysics, Physics - Space Physics},
         year = 2018,
        month = nov,
          eid = {arXiv:1811.12680},
        pages = {arXiv:1811.12680},
archivePrefix = {arXiv},
       eprint = {1811.12680},
 primaryClass = {astro-ph.EP},
       adsurl = {https://ui.adsabs.harvard.edu/abs/2018arXiv181112680C},
      adsnote = {Provided by the SAO/NASA Astrophysics Data System}
}

@article{https://doi.org/10.14454/g8e5-6293,
  doi = {10.14454/g8e5-6293},
  author = {{DataCite Metadata Working Group}},
  language = {eng},
  title = {DataCite Metadata Schema Documentation for the Publication and Citation of Research Data v4.5},
  publisher = {DataCite},
  year = {2024}
}


@manual{kafka,
        title = {{Apache Kafka}},
        url = {(https://kafka.apache.org/},
        year   = "2020 (accessed November 9, 2020)"
}

@article{tao05,
  author = {Tao, Chihiro and Kataoka, Ryuho and Fukunishi, Hiroshi and Takahashi, Yukihiro and Yokoyama, Takaaki}, 
  title = {{Magnetic field variations in the Jovian magnetotail induced by solar wind dynamic pressure enhancements}}, 
  year = 2005,
  doi = {https://doi.org/10.1029/2004JA010959},
  journal = {{J. Geophys. Res.}},
  volume = 110, 
  pages = {A11208},
}

